% This file was created with JabRef 2.10.
% Encoding: MacRoman


@Article{Abdi2013,
  Title                    = {Ground-motion scenarios consistent with {PSH} deaggregation for {T}ehran, capital city of {I}ran},
  Author                   = {Abdi, F and Mirzaei, N and Shabani, E},
  Journal                  = {Natural Hazards and Earth System Science},
  Year                     = {2013},
  Number                   = {3},
  Pages                    = {679--688},
  Volume                   = {13},

  Doi                      = {10.5194/nhess-13-679-2013},
  Publisher                = {Copernicus GmbH}
}

@Article{Abdollahzadeh2014,
  Title                    = {Modified probabilistic approach for seismic hazard zoning of {G}olestan region, {I}ran},
  Author                   = {Abdollahzadeh, Gholamreza and Khanmohammadi, Leila and Zahedi Tajrishi, Fatemeh},
  Journal                  = {European Journal of Environmental and Civil Engineering},
  Year                     = {2014},
  Number                   = {4},
  Pages                    = {427--456},
  Volume                   = {18},

  Owner                    = {naeem},
  Publisher                = {Taylor \& Francis},
  Timestamp                = {2015.07.18}
}

@Article{Abdollahzadeh2014a,
  Title                    = {Considering potential seismic sources in earthquake hazard assessment for Northern {I}ran},
  Author                   = {Abdollahzadeh, Gholamreza and Sazjini, Mohammad and Shahaky, Mohsen and Tajrishi, Fatemeh Zahedi and Khanmohammadi, Leila},
  Journal                  = {Journal of seismology},
  Year                     = {2014},
  Number                   = {3},
  Pages                    = {357--369},
  Volume                   = {18},

  Doi                      = {10.1007/s10950-013-9412-1},
  Publisher                = {Springer}
}

@Article{Abrahamson_2008_ES,
  Title                    = {Summary of the {A}brahamson \& {S}ilva {NGA} Ground-Motion Relations},
  Author                   = {Abrahamson, N. A. and Silva, W.},
  Journal                  = ES,
  Year                     = {2008},
  Number                   = {1},
  Pages                    = {67--97},
  Volume                   = {24},

  Doi                      = {10.1193/1.2924360}
}

@Article{Ahmadi2013,
  Title                    = {An Overview of Seismic Hazard of {Q}azvin City and Comparison with {I}ranian Code of Practice for Resistant Design of Buildings},
  Author                   = {Ahmadi Comijany, Nasser and Fard, Abbas Atapur and Pourkermani, Mohsen},
  Year                     = {2013},

  Owner                    = {naeem},
  Timestamp                = {2015.07.18}
}

@Article{Akbari2011,
  Title                    = {Seismic microzonation of Mashhad city, northeast Iran},
  Author                   = {Akbari, Majid and Ghafoori, Mohammad and Moghaddas, Naser Hafezi and Lashkaripour, Gholam Reza},
  Journal                  = {Annals of geophysics},
  Year                     = {2011},
  Number                   = {4},
  Pages                    = {424--434},
  Volume                   = {54},

  Owner                    = {naeem},
  Publisher                = {Istituto Nazionale di Geofisica e Vulcanologia-INGV},
  Timestamp                = {2015.10.22}
}

@Article{Akinci2004,
  Title                    = {Seismic hazard estimate in the {A}lps and {A}pennines ({I}taly) using smoothed historical seismicity and regionalized predictive ground-motion relationships},
  Author                   = {Akinci, A and Mueller, C and Malagnini, L and Lombardi, AM},
  Journal                  = {Bollettino di Geofisica Teorica ed Applicata},
  Year                     = {2004},
  Number                   = {4},
  Pages                    = {285--304},
  Volume                   = {45}
}

@Article{Akkar2010,
  Title                    = {Empirical equations for the prediction of {PGA}, {PGV}, and spectral accelerations in {E}urope, the {M}editerranean region, and the {M}iddle {E}ast},
  Author                   = {Akkar, Sinan and Bommer, Julian J},
  Journal                  = {Seismological Research Letters},
  Year                     = {2010},
  Number                   = {2},
  Pages                    = {195--206},
  Volume                   = {81},

  Owner                    = {naeem},
  Publisher                = {Seismological Society of America},
  Timestamp                = {2015.07.15}
}

@TechReport{Alavi1991,
  Title                    = {Tectonic map of the {M}iddle {E}ast, scale 1:5,000,000},
  Author                   = {Alavi, M.},
  Institution              = {Geological Survey of Iran},
  Year                     = {1991},

  __markedentry            = {[naeem:]},
  Journal                  = {Geological Survey of Iran}
}

@Book{Ambraseys_2009_Book,
  Title                    = {Earthquakes in the {M}editerranean and {M}iddle {E}ast, a multidisciplinary study of seismicity up to 1900},
  Author                   = {Ambraseys, N. N.},
  Publisher                = {Cambridge University Press},
  Year                     = {2009},

  Address                  = {Cambridge, United Kingdom}
}

@Book{Ambraseys_1982_Book,
  Title                    = {A history of {P}ersian earthquakes},
  Author                   = {Ambraseys, N. N. and Melville, C. P.},
  Publisher                = {Cambridge University Press},
  Year                     = {1982},

  Address                  = {Cambridge, United Kingdom}
}

@Book{Ambraseys_2005_Book,
  Title                    = {The seismicity of {E}gypt, {A}rabia and the {R}ed {S}ea: {A} historical review},
  Author                   = {Ambraseys, N. N. and Melville, C. P. and Adams, R. D.},
  Publisher                = {Cambridge University Press},
  Year                     = {2005},

  Address                  = {Cambridge, United Kingdom}
}

@Book{Baker2008,
  Title                    = {An introduction to probabilistic seismic hazard analysis ({PSHA})},
  Author                   = {Baker, Jack W},
  Year                     = {2008},
  Note                     = {Version 1.3, 72pp},

  __markedentry            = {[naeem:6]}
}

@Article{Barani2007,
  Title                    = {Sensitivity analysis of seismic hazard for {W}estern {L}iguria ({N}orth {W}estern {I}taly): a first attempt towards the understanding and quantification of hazard uncertainty},
  Author                   = {Barani, Simone and Spallarossa, Daniele and Bazzurro, Paolo and Eva, Claudio},
  Journal                  = {Tectonophysics},
  Year                     = {2007},
  Number                   = {1--4},
  Pages                    = {13--35},
  Volume                   = {435},

  Doi                      = {10.1016/j.tecto.2007.02.008},
  Publisher                = {Elsevier}
}

@Article{Bender1983,
  Title                    = {Maximum likelihood estimation of b values for magnitude grouped data},
  Author                   = {Bender, Bernice},
  Journal                  = {Bulletin of the Seismological Society of America},
  Year                     = {1983},
  Number                   = {3},
  Pages                    = {831--851},
  Volume                   = {73},

  Owner                    = {naeem},
  Publisher                = {Seismological Society of America},
  Timestamp                = {2015.07.15}
}

@TechReport{Bender1982,
  Title                    = {{SEISRISK II; A} computer program for seismic hazard estimation},
  Author                   = {Bender, Bernice and Perkins, David M},
  Institution              = {U.S.~Geological Survey},
  Year                     = {1982},
  Number                   = {Open File 82-293}
}

@InCollection{Berberian1997,
  Title                    = {Seismic sources of the {T}ranscaucasian historical earthquakes},
  Author                   = {Berberian, MANUEL},
  Booktitle                = {Historical and prehistorical earthquakes in the {C}aucasus, NATO ASI Series, 2, Environment},
  Publisher                = {Kluwer Academic Publishing, Dordrecht, Netherlands},
  Year                     = {1997},
  Editor                   = {Giardini, D. and Balassanian, S.},
  Pages                    = {233--311},
  Volume                   = {28}
}

@InCollection{Berberian_1981_Chap,
  Title                    = {Active Faulting and Tectonics of {I}ran},
  Author                   = {Berberian, M},
  Booktitle                = {Zagros Hindu Kush Himalaya Geodynamic Evolution},
  Publisher                = {American Geophysical Union},
  Year                     = {1981},

  Address                  = {Washington, D.~C.},
  Editor                   = {Gupta, H. K. and Delany, F. M.},

  Doi                      = {10.1029/GD003p0033}
}

@Book{Berberian_1995_Tech,
  Title                    = {Natural Hazards and the First Earthquake Catalogue of {I}ran: {V}olume 1: {H}istorical Hazards in {I}ran Prior to 1900},
  Author                   = {Berberian, Manuel},
  Publisher                = {A UNESCO/IIEES publication during UN/IDNDR, International Institute of Earthquake Engineering and Seismology, 603 (in English) + 66 (in Persian) pp.},
  Year                     = {1995},

  Owner                    = {naeem},
  Timestamp                = {2016.01.10}
}

@InCollection{Berberian1976,
  Title                    = {On the evidence of the youngest activity of the {N}orth {T}abriz {F}ault and the seismicity of {T}abriz city},
  Author                   = {Berberian, M and Arshadi, S},
  Booktitle                = {Contributions to the Seismotectonics of Iran (Part II)},
  Publisher                = {Ministry of Industry and Mines, Geological Survey of Iran, Report No.~39},
  Year                     = {1976},
  Editor                   = {Berberian, M.},
  Pages                    = {397--418}
}

@Article{Berberian2001,
  Title                    = {Contribution of archaeological data to studies of earthquake history in the {I}ranian {P}lateau},
  Author                   = {Berberian, Manuel and Yeats, Robert S},
  Journal                  = {Journal of Structural Geology},
  Year                     = {2001},
  Number                   = {2},
  Pages                    = {563--584},
  Volume                   = {23},

  Doi                      = {10.1016/S0191-8141(00)00115-2}
}

@Article{Berberian1999,
  Title                    = {Patterns of historical earthquake rupture in the {I}ranian {P}lateau},
  Author                   = {Berberian, Manuel and Yeats, Robert S},
  Journal                  = {Bulletin of the Seismological Society of America},
  Year                     = {1999},
  Number                   = {1},
  Pages                    = {120--139},
  Volume                   = {89}
}

@Manual{BHRC2014,
  Title                    = {Iranian code of practice for seismic resistant design of buildings (Standard {N}o. 2800)},

  Address                  = {Tehran, Iran},
  Author                   = {BHRC},
  Organization             = {Ministry of Housing and Urban Development, and Building \& Housing Research Center, 4th revision},
  Year                     = {2014}
}

@Article{Boore2008,
  Title                    = {Ground-motion prediction equations for the average horizontal component of {PGA}, {PGV}, and 5\%-damped {PSA} at spectral periods between 0.01 s and 10.0 s},
  Author                   = {Boore, David M and Atkinson, Gail M},
  Journal                  = {Earthquake Spectra},
  Year                     = {2008},
  Number                   = {1},
  Pages                    = {99--138},
  Volume                   = {24},

  Doi                      = {10.1193/1.2830434}
}

@Article{Boostan2015,
  Title                    = {Fuzzy---probabilistic seismic hazard assessment, case study: {T}ehran region, {I}ran},
  Author                   = {Boostan, Elham and Tahernia, Nadia and Shafiee, Ali},
  Journal                  = {Natural Hazards},
  Year                     = {2015},
  Number                   = {2},
  Pages                    = {525--541},
  Volume                   = {77},

  Doi                      = {10.1007/s11069-014-1537-1},
  Publisher                = {Springer}
}

@InCollection{Boyd2008,
  Title                    = {Toward a time-dependent probabilistic seismic hazard analysis for {A}laska},
  Author                   = {Boyd, Oliver S and Zeng, Yuehua and Bufe, Charles G and Wesson, Robert L and Pollitz, Fred and Hardebeck, Jeanne L},
  Booktitle                = {Active Tectonics and Seismic Potential of Alaska},
  Publisher                = {American Geophysical Union},
  Year                     = {2008},

  Address                  = {Washington, D.~C.},
  Editor                   = {Freymueller, Jeffrey T. and Haeussler, Peter J. and Wesson, Robert L. and Ekstr\"{o}m, G\"{o}ran},
  Pages                    = {399--416},

  Doi                      = {10.1029/179GM23}
}

@Article{Cao1996,
  Title                    = {Seismic hazard estimate from background seismicity in southern {C}alifornia},
  Author                   = {Cao, Tianqing and Petersen, Mark D and Reichle, Michael S},
  Journal                  = {Bulletin of the Seismological Society of America},
  Year                     = {1996},
  Number                   = {5},
  Pages                    = {1372--1381},
  Volume                   = {86},

  Publisher                = {Seismological Society of America}
}

@Article{Castellaro2006,
  Title                    = {Regression problems for magnitudes},
  Author                   = {Castellaro, Silvia and Mulargia, Francesco and Kagan, Yan Y},
  Journal                  = {Geophysical Journal International},
  Year                     = {2006},
  Number                   = {3},
  Pages                    = {913--930},
  Volume                   = {165},

  Doi                      = {10.1111/j.1365-246X.2006.02955.x},
  Owner                    = {naeem},
  Publisher                = {Oxford University Press},
  Timestamp                = {2016.01.10}
}

@Article{Chiou2008,
  Title                    = {An {NGA} model for the average horizontal component of peak ground motion and response spectra},
  Author                   = {Chiou, BrianS-J and Youngs, Robert R},
  Journal                  = {Earthquake Spectra},
  Year                     = {2008},
  Number                   = {1},
  Pages                    = {173--215},
  Volume                   = {24},

  Doi                      = {10.1193/1.2894832}
}

@Article{Cornell1968,
  Title                    = {Engineering seismic risk analysis},
  Author                   = {Cornell, C Allin},
  Journal                  = {Bulletin of the Seismological Society of America},
  Year                     = {1968},
  Number                   = {5},
  Pages                    = {1583--1606},
  Volume                   = {58},

  Owner                    = {naeem},
  Publisher                = {Seismological Society of America},
  Timestamp                = {2015.07.15}
}

@Article{Deniz2010,
  Title                    = {Magnitude conversion problem for the {T}urkish earthquake data},
  Author                   = {Deniz, Aykut and Yucemen, M Semih},
  Journal                  = {Natural Hazards},
  Year                     = {2010},
  Number                   = {2},
  Pages                    = {333--352},
  Volume                   = {55},

  Doi                      = {10.1007/s11069-010-9531-8},
  Publisher                = {Springer}
}

@Book{Douglas2011,
  Title                    = {Ground-motion prediction equations 1964-2010},
  Author                   = {Douglas, John},
  Publisher                = {Pacific Earthquake Engineering Research Center Berkeley, CA},
  Year                     = {2011},

  Owner                    = {naeem},
  Timestamp                = {2016.01.10}
}

@Article{Escordilis_2006_JS,
  Title                    = {Empirical Global Relations Converting {{\textbf{M}}${}_{\mathrm{S}}$} and {\textbf{m}${}_{\mathrm{b}}$} to Moment Magnitude},
  Author                   = {Escordilis, E. M.},
  Journal                  = {Journal of Seismology},
  Year                     = {2006},
  Number                   = {2},
  Pages                    = {225--236},
  Volume                   = {10},

  Doi                      = {10.1007/s10950-006-9012-4}
}

@Standard{FEMA2003,
  Title                    = {Multi-hazard loss estimation methodology},
  Organization             = {National Institute of Building Sciences and Federal Emergency Management Agency, Washington, D.C., 712 pp},
  Author                   = {FEMA},
  Year                     = {2003},

  Owner                    = {naeem},
  Timestamp                = {2015.07.16}
}

@Article{Foteva2006,
  Title                    = {Spatially-smoothed seismicity modelling of seismic hazard in the {S}ofia area},
  Author                   = {Foteva, Galina and Ilieva, Minka and Botev, EMIL},
  Journal                  = {Annuaire de l'Universit\'{e} de Sofia, ``St. Kliment Ohridski'', Facult\'{e} de Physique},
  Year                     = {2006},
  Volume                   = {99}
}

@Article{Frankel1995,
  Title                    = {Mapping seismic hazard in the central and eastern {U}nited {S}tates},
  Author                   = {Frankel, Arthur},
  Journal                  = {Seismological Research Letters},
  Year                     = {1995},
  Number                   = {4},
  Pages                    = {8--21},
  Volume                   = {66},

  Doi                      = {10.1785/gssrl.66.4.8},
  Publisher                = {Seismological Society of America}
}

@Article{Gardner1974,
  Title                    = {Is the sequence of earthquakes in {S}outhern {C}alifornia, with aftershocks removed, {P}oissonian},
  Author                   = {Gardner, JK and Knopoff, L},
  Journal                  = {Bulletin of the Seismological Society of America},
  Year                     = {1974},
  Number                   = {5},
  Pages                    = {1363--1367},
  Volume                   = {64}
}

@Article{Chafory-Ashtiany_1999_DPM,
  Title                    = {Rescue operation and reconstruction of recent earthquakes in {I}ran},
  Author                   = {Ghafory-Ashtiany, M.},
  Journal                  = {Disaster Prevention and Management: An International Journal},
  Year                     = {1999},
  Number                   = {1},
  Pages                    = {5--20},
  Volume                   = {8},

  Doi                      = {10.1108/09653569910258174}
}

@Article{Ghasemi_2009_JS,
  Title                    = {An empirical spectral ground-motion model for {I}ran},
  Author                   = {Ghasemi, H and Zare, M. and Fukushima, Y. and Koketsu, K.},
  Journal                  = {Journal of Seismology},
  Year                     = {2009},
  Number                   = {4},
  Pages                    = {499--515},
  Volume                   = {13},

  Doi                      = {10.1007/s10950-008-9143-x}
}

@InProceedings{Ghodrati2008,
  Title                    = {Seismic Hazard Assessment of {G}ilan Province Including {M}anjil in {I}ran},
  Author                   = {Ghodrati Amiri, G and Amrei, SA Razavian},
  Booktitle                = {Proceedings of the 14th World Conference on Earthquake Engineering},
  Year                     = {2008},

  Address                  = {October 12-17, Beijing, China},

  Owner                    = {naeem},
  Timestamp                = {2015.07.18}
}

@Article{Ghodrati2007,
  Title                    = {Evaluation of Horizontal Seismic Hazard of {K}araj, {I}ran},
  Author                   = {GHODRATI AMIRI, Gholamreza and DEHKORDI, Morteza RAEISI and RAZAVIAN, Seyed Ali},
  Year                     = {2007},

  Owner                    = {naeem},
  Timestamp                = {2015.07.18}
}

@Article{Ghodrati2010,
  Title                    = {Seismic hazard analysis and obtaining peak ground acceleration for {A}rak region, {I}ran},
  Author                   = {Ghodrati Amiri, Gh and Kazemiashtiani, V and Razavian, SA},
  Journal                  = {Asian J civil Eng (Building Hous)},
  Year                     = {2010},
  Pages                    = {183--206},
  Volume                   = {11},

  Owner                    = {naeem},
  Timestamp                = {2015.07.18}
}

@Article{Ghodrati2013,
  Title                    = {Probabilistic Assessment of Earthquake Damage and Loss for the City of {T}ehran, {I}ran},
  Author                   = {Ghodrati Amiri, G and Khoshnevis, N and Razavian Amrei, SA},
  Journal                  = {Journal of Rehabilitation in Civil Engineering},
  Year                     = {2013},
  Number                   = {2},
  Pages                    = {10--23},
  Volume                   = {1}
}

@Article{Ghodrati2003,
  Title                    = {Seismic hazard assessment of metropolitan {T}ehran, {I}ran},
  Author                   = {Ghodrati Amiri, G and Motamed, R and Es-Haghi, H Rabet},
  Journal                  = {Journal of Earthquake Engineering},
  Year                     = {2003},
  Number                   = {3},
  Pages                    = {347--372},
  Volume                   = {7},

  Doi                      = {10.1142/S136324690300119X},
  Publisher                = {World Scientific}
}

@Article{Ghodrati2011,
  Title                    = {Seismic hazard assessment of Metropolitan {T}ehran by using deterministic attenuation and epicentral distribution},
  Author                   = {Ghodrati Amiri, G and Razeghi, H and Kazemi, A},
  Journal                  = {International Journal of Earth Sciences and Engineering},
  Year                     = {2011},
  Number                   = {6},
  Pages                    = {200--203},
  Volume                   = {4},

  Owner                    = {naeem},
  Timestamp                = {2015.07.18}
}

@Article{Golara2014,
  Title                    = {Probabilistic seismic hazard analysis of interconnected infrastructure: {A} case of {I}ranian high-pressure gas supply system},
  Author                   = {Golara, A},
  Journal                  = {Natural Hazards},
  Year                     = {2014},
  Number                   = {2},
  Pages                    = {567--577},
  Volume                   = {73},

  Doi                      = {10.1007/s11069-014-1087-6},
  Publisher                = {Springer}
}

@Article{Gutenberg1944,
  Title                    = {Frequency of earthquakes in California},
  Author                   = {Gutenberg, Beno and Richter, Charles F},
  Journal                  = {Bulletin of the Seismological Society of America},
  Year                     = {1944},
  Number                   = {4},
  Pages                    = {185--188},
  Volume                   = {34},

  Publisher                = {Seismological Society of America}
}

@InProceedings{hamdache2008,
  Title                    = {Spectral Accelerations and Uniform Hazard Spectra in Northern {A}lgeria, using spatially-smoothed seismicity},
  Author                   = {Hamdache, Mohamed and Pel\'{a}ez Montilla, Jos\'{e} A. and L\'{o}pez Casado, Carlos},
  Booktitle                = {Proceedings of the 4th International Conference of Earthquake Engineering and Seismology},
  Year                     = {2003},

  Address                  = {May 12--14, Tehran, Iran}
}

@Article{Herrmann1977,
  Title                    = {Recurrence Relations},
  Author                   = {Herrmann, R.B.},
  Journal                  = {Earthquake Notes},
  Year                     = {1977},
  Pages                    = {47--49},
  Volume                   = {88}
}

@Electronic{IIEES,
  Title                    = {Earthquake Catalogue Search},
  Author                   = {IIEES},
  Note                     = {http://www.iiees.ac.ir/en/eqcatalog/, Accessed June 24, 2015},
  Year                     = {2015},

  Owner                    = {naeem},
  Timestamp                = {2015.07.17}
}

@Book{Jones1834,
  Title                    = {An account of the transactions of {H}is {M}ajesty's {M}ission to the {C}ourt of {P}ersia, in the years 1807--11, to which is added a brief history of the {W}ahauby},
  Author                   = {Jones-Brydges, Harford},
  Publisher                = {James Bohn},
  Year                     = {1834},

  Address                  = {London, United Kingdom},
  Volume                   = {1}
}

@Article{Kalkan2009,
  Title                    = {Reassessment of probabilistic seismic hazard in the {M}armara region},
  Author                   = {Kalkan, Erol and G{\"u}lkan, Polat and Yilmaz, Nazan and {\c{C}}elebi, Mehmet},
  Journal                  = {Bulletin of the Seismological Society of America},
  Year                     = {2009},
  Number                   = {4},
  Pages                    = {2127--2146},
  Volume                   = {99},

  Doi                      = {10.1785/0120080285},
  Publisher                = {Seismological Society of America}
}

@Article{Kalkan2004,
  Title                    = {Site-dependent spectra derived from ground motion records in {T}urkey},
  Author                   = {Kalkan, Erol and Gulkan, Polat},
  Journal                  = {Earthquake Spectra},
  Year                     = {2004},
  Number                   = {4},
  Pages                    = {1111--1138},
  Volume                   = {20},

  Doi                      = {10.1193/1.1812555}
}

@Article{Kanamori1977,
  Title                    = {The energy release in great earthquakes},
  Author                   = {Kanamori, Hiroo},
  Journal                  = {Journal of geophysical research},
  Year                     = {1977},
  Number                   = {20},
  Pages                    = {2981--2987},
  Volume                   = {82},

  Owner                    = {naeem},
  Publisher                = {American Geophysical Union},
  Timestamp                = {2016.01.10}
}

@Article{Karimiparidari2013,
  Title                    = {Iranian earthquakes, a uniform catalog with moment magnitudes},
  Author                   = {Karimiparidari, Sepideh and Zar{\'e}, Mehdi and Memarian, Hossein and Kijko, Andrzej},
  Journal                  = {Journal of seismology},
  Year                     = {2013},
  Number                   = {3},
  Pages                    = {897--911},
  Volume                   = {17},

  Doi                      = {10.1007/s10950-013-9360-9},
  Publisher                = {Springer}
}

@Article{Khodaverdian_2016_BSSA,
  Title                    = {Seismicity Parameters and Spatially Smoothed Seismicity Model for {I}ran},
  Author                   = {Khodaverdian, A. and Zafarani, H. and Rahimian, M. and Dehnamaki, V.},
  Journal                  = {Bulletin of the Seismological Society of America},
  Year                     = {2016},
  Pages                    = {in press},

  Doi                      = {10.1785/0120150178}
}

@Article{Kijko_2004_PAG,
  Title                    = {Estimation of the Maximum Earthquake Magnitude, $m_{\max}$},
  Author                   = {Kijko, A.},
  Journal                  = {Pure and Applied Geophysics},
  Year                     = {2004},
  Number                   = {8},
  Pages                    = {1655--1681},
  Volume                   = {161},

  Doi                      = {10.1007/s00024-004-2531-4}
}

@InProceedings{Kijko2000,
  Title                    = {Statistical estimation of maximum regional earthquake magnitude Mmax},
  Author                   = {Kijko, A},
  Booktitle                = {Workshop of Seismicity Modeling in Seismic Hazard Mapping, Poljce, Slovenia, Geological Survey},
  Year                     = {2000},
  Pages                    = {1--10},

  Owner                    = {naeem},
  Timestamp                = {2016.01.23}
}

@Article{Kijko_1989_BSSA,
  Title                    = {Estimation of earthquake hazard parameters from incomplete data files. {P}art {I}. {U}tilization of extreme and complete catalogs with different threshold magnitudes},
  Author                   = {Kijko, A and Sellevoll, MA},
  Journal                  = {Bulletin of the Seismological Society of America},
  Year                     = {1989},
  Number                   = {3},
  Pages                    = {645--654},
  Volume                   = {79},

  Publisher                = {Seismological Society of America}
}

@Article{Kijko_1992_BSSA,
  Title                    = {Estimation of earthquake hazard parameters from incomplete data files. {P}art {II}. {I}ncorporation of magnitude heterogeneity},
  Author                   = {Kijko, Andrzej and Sellevoll, Markvard A},
  Journal                  = {Bulletin of the Seismological Society of America},
  Year                     = {1992},
  Number                   = {1},
  Pages                    = {120--134},
  Volume                   = {82},

  Publisher                = {Seismological Society of America}
}

@Article{Klein2001,
  Title                    = {Seismic hazard in {H}awaii: {H}igh rate of large earthquakes and probabilistic ground-motion maps},
  Author                   = {Klein, Fred W and Frankel, Arthur D and Mueller, Charles S and Wesson, Robert L and Okubo, Paul G},
  Journal                  = {Bulletin of the Seismological Society of America},
  Year                     = {2001},
  Number                   = {3},
  Pages                    = {479--498},
  Volume                   = {91},

  Doi                      = {10.1785/0120000060},
  Publisher                = {Seismological Society of America}
}

@Article{Lapajne1997,
  Title                    = {Spatially smoothed seismicity modeling of seismic hazard in {S}lovenia},
  Author                   = {Lapajne, Janez K and Motnikar, Barbara Sket and Zabukovec, Blaz and Zupancic, Polona},
  Journal                  = {Journal of Seismology},
  Year                     = {1997},
  Number                   = {1},
  Pages                    = {73--85},
  Volume                   = {1},

  Doi                      = {10.1023/A:1009783602054},
  Publisher                = {Springer}
}

@InProceedings{Mahdi_2004_WCEE,
  Title                    = {Performance of Traditional Arches and Domes in Recent {I}ranian Earthquakes},
  Author                   = {Mahdi, T.},
  Booktitle                = {Proc.~World Conf.~Earthq.~Eng.},
  Year                     = {2004},

  Address                  = {Vancouver, B.C., Canada, August 1--6},
  Number                   = {Paper No.~2871}
}

@Article{Masson2006,
  Title                    = {Extension in {NW} {I}ran driven by the motion of the {S}outh {C}aspian Basin},
  Author                   = {Masson, F and Djamour, Y and Van Gorp, S and Ch{\'e}ry, J and Tatar, M and Tavakoli, F and Nankali, H and Vernant, P},
  Journal                  = {Earth and Planetary Science Letters},
  Year                     = {2006},
  Number                   = {1},
  Pages                    = {180--188},
  Volume                   = {252},

  Owner                    = {naeem},
  Publisher                = {Elsevier},
  Timestamp                = {2015.07.15}
}

@TechReport{Mehrain_1990_Tech,
  Title                    = {Reconnaissance Report on the Northern {I}ran Earthquake of {J}une 21, 1990},
  Author                   = {Mehrain, M.},
  Institution              = {National Center for Earthquake Engineering Research (NCEER)},
  Year                     = {1990},
  Month                    = {October},
  Number                   = {NCEER-90-0017},

  Url                      = {http://hdl.handle.net/10477/651}
}

@Article{Mirzaei1997,
  Title                    = {A uniform catalog of earthquakes for seismic hazard assessment in {I}ran},
  Author                   = {Mirzaei, Noorbakhsh and Gao, Meng-Tan and Chen, Yun-Tai and Wang, Jian},
  Journal                  = {Acta Seismologica Sinica},
  Year                     = {1997},
  Number                   = {6},
  Pages                    = {713--726},
  Volume                   = {10},

  Doi                      = {10.1007/s11589-997-0003-5},
  Publisher                = {Springer}
}

@Article{Mirzaei1998,
  Title                    = {Seismic source regionalization for seismic zoning of {I}ran: {M}ajor seismotectonic provinces},
  Author                   = {Mirzaei, N and Mengtan, Gao and Yuntai, Chen},
  Journal                  = {Journal of Earthquake Prediction Research},
  Year                     = {1998},
  Number                   = {4},
  Pages                    = {465--495},
  Volume                   = {7},

  Publisher                = {EDITORIAL DEPARTMENT, JOURNAL OF EARTHQUAKE PREDICTION RESEARCH}
}

@InCollection{Moinfar_2000_Chap,
  Title                    = {A New Seismic Hazard Map for the Implementation in the National Physical Planning of {I}ran},
  Author                   = {Moinfar, A. A. and Naderzadeh, A. and Maleki, E.},
  Booktitle                = {Earthquake Hazard and Seismic Risk Reduction},
  Publisher                = {Springer Netherlands},
  Year                     = {2000},
  Editor                   = {Balassanian, Serguei and Cisternas, Armando and Melkumyan, Mikael},
  Pages                    = {289-296},
  Volume                   = {12},

  Doi                      = {10.1007/978-94-015-9544-5\_28}
}

@InProceedings{Moinfar_2012_WCEE,
  Title                    = {New {I}ranian Seismic Hazard Zoning Map for New Edition Edition of Seismic Code and Its Comparison with Neighbor Countries},
  Author                   = {Moinfar, A. A. and Naderzadeh, A. and Nabavi, M. H.},
  Booktitle                = {Proceedings of the 15th World Conference on Earthquake Engineering},
  Year                     = {2012},

  Address                  = {September 24--28, Lisbon, Portugal},
  Number                   = {1480}
}

@TechReport{Moinfar1994,
  Title                    = {Historical and instrumental earthquake data collection of {I}ran (in Persian)},
  Author                   = {Moinfar, A and Mahdavian, A and Maleki, E},
  Institution              = {Iranian Cultural Fairs Institute},
  Year                     = {1994},
  Note                     = {445 pp}
}

@InProceedings{Moschetti2014,
  Title                    = {Development of an adaptively smoothed seismicity model for {A}laska and implications for seismic hazard},
  Author                   = {Moschetti, MP and Mueller, CS and Boyd, OS and Petersen, MD},
  Booktitle                = {Proceedings of the 10th National Conference on Earthquake Engineering},
  Year                     = {2014},

  Address                  = {July 21--25, Anchorage, Alaska},
  Organization             = {Earthquake Engineering Research Institute}
}

@Misc{timmurphy.org,
  Title                    = {Line Spacing in {LaTeX} documents},

  Author                   = {Murphy, Timothy I},
  HowPublished             = {\url{http://timmurphy.org/2009/07/22/line-spacing-in-latex-documents/}},
  Note                     = {Accessed April 4, 2010}
}

@Article{Nemati2015,
  Title                    = {Intermediate-term variations in 200 years seismicity of {S}outh of {I}ran},
  Author                   = {Nemati, Majid},
  Journal                  = {Geomatics, Natural Hazards and Risk},
  Year                     = {2015},
  Number                   = {ahead-of-print},
  Pages                    = {1--16},

  Owner                    = {naeem},
  Publisher                = {Taylor \& Francis},
  Timestamp                = {2015.07.15}
}

@Article{Nowroozi1976,
  Title                    = {Seismotectonic provinces of {I}ran},
  Author                   = {Nowroozi, Ali A},
  Journal                  = {Bulletin of the Seismological Society of America},
  Year                     = {1976},
  Number                   = {4},
  Pages                    = {1249--1276},
  Volume                   = {66},

  Publisher                = {Seismological Society of America}
}

@Other{Caio:2013:Online,
  Title                    = {Significant Earthquakes of the World 1997},
  Author                   = {Waverly J. Person},
  Comment                  = {Accessed April 4, 2010},
  Month                    = mar,
  Url                      = {http://www.tiziocaio.org/ref/},
  Year                     = {2010}
}

@Article{Rahgozar2012,
  Title                    = {Probabilistic Assessment of {PGA} and {UHS} for {B}ojnurd city, the Capital of {N}orth {K}horasan Province, {I}ran},
  Author                   = {Rahgozar, Mohammad Ali and Amiri, Gholamreza Ghodrati and Saleh, Mansour},
  Journal                  = {Journal of Seismology and Earthquake Engineering},
  Year                     = {2012},
  Number                   = {1},
  Pages                    = {13--28},
  Volume                   = {14},

  Owner                    = {naeem},
  Timestamp                = {2015.07.18}
}

@TechReport{Razzaghi_2012_Tech,
  Title                    = {A Preliminary Reconnaissance Report on {A}ugust 11th 2012, {V}arzaghan-{A}har Twin Earthquakes in {NW} of {I}ran},
  Author                   = {Razzaghi, Mehran S. and Ghafory-Ashtia\-ny, M.},
  Institution              = {International Association of Seismology and Physics of the Earth's Interior, and Iranian Earthquake Engineering Association},
  Year                     = {2012}
}

@Article{Reasenberg1985,
  Title                    = {Second-order moment of central California seismicity, 1969--1982},
  Author                   = {Reasenberg, Paul},
  Journal                  = {Journal of Geophysical Research: Solid Earth (1978--2012)},
  Year                     = {1985},
  Number                   = {B7},
  Pages                    = {5479--5495},
  Volume                   = {90},

  Doi                      = {10.1029/JB090iB07p05479},
  Publisher                = {Wiley Online Library}
}

@Book{Richter1958,
  Title                    = {Elementary Seismology},
  Author                   = {Richter, Charles Francis},
  Publisher                = {W.~H.~Freeman and Co.},
  Year                     = {1958},

  Address                  = {San Francisco, United States}
}

@Article{Scherbaum_2004_BSSA,
  Title                    = {On the use of response spectral-reference data for the selection of ground-motion models for seismic hazard analysis: {T}he case of rock motion},
  Author                   = {Scherbaum, F. and Cotton, F. and Smith, P.},
  Journal                  = {Bulletin of the Seismological Society of America},
  Year                     = {2004},
  Number                   = {6},
  Pages                    = {2164--2185},
  Volume                   = {94},

  Doi                      = {10.1785/0120030147}
}

@Article{Scherbaum_2009_BSSA,
  Title                    = {Model selection in seismic hazard analysis: {A}n information-theoretic perspective},
  Author                   = {Scherbaum, Frank and Delavaud, Elise and Riggelsen, Carsten},
  Journal                  = {Bulletin of the Seismological Society of America},
  Year                     = {2009},
  Number                   = {6},
  Pages                    = {3234--3247},
  Volume                   = {99},

  Doi                      = {10.1785/0120080347},
  Publisher                = {Seismological Society of America}
}

@Article{Shahvar2013,
  Title                    = {A unified seismic catalog for the {I}ranian plateau (1900--2011)},
  Author                   = {Shahvar, Mohammad P and Zare, Mehdi and Castellaro, Silvia},
  Journal                  = {Seismological Research Letters},
  Year                     = {2013},
  Number                   = {2},
  Pages                    = {233--249},
  Volume                   = {84},

  Doi                      = {10.1785/0220120144},
  Publisher                = {Seismological Society of America}
}

@Book{Shearer2009,
  Title                    = {Introduction to seismology},
  Author                   = {Shearer, Peter M},
  Publisher                = {Cambridge University Press},
  Year                     = {2009},

  Owner                    = {naeem},
  Timestamp                = {2016.01.15}
}

@Article{Stocklin1968,
  Title                    = {Structural history and tectonics of {I}ran: {A} review},
  Author                   = {Stocklin, Jovan},
  Journal                  = {AAPG Bulletin},
  Year                     = {1968},
  Number                   = {7},
  Pages                    = {1229--1258},
  Volume                   = {52},

  Publisher                = {American Association of Petroleum Geologists}
}

@Article{Takin1972,
  Title                    = {Iranian geology and continental drift in the {M}iddle {E}ast},
  Author                   = {Takin, Manoochehr},
  Journal                  = {Nature},
  Year                     = {1972},
  Number                   = {5334},
  Pages                    = {147--150},
  Volume                   = {235},

  Doi                      = {10.1038/235147a0}
}

@Article{Tavakoli1999,
  Title                    = {Seismic hazard assessment of {I}ran},
  Author                   = {Tavakoli, Behrooz and Ghafory-Ashtiany, Mohsen},
  Journal                  = {Annals of Geophysics},
  Year                     = {1999},
  Number                   = {6},
  Pages                    = {1013--1021},
  Volume                   = {42},

  Doi                      = {10.4401/ag-3781}
}

@Article{Trifonov1978,
  Title                    = {Late Quaternary tectonic movements of {W}estern and {C}entral {A}sia},
  Author                   = {Trifonov, Vladimir G},
  Journal                  = {Geological Society of America Bulletin},
  Year                     = {1978},
  Number                   = {7},
  Pages                    = {1059--1072},
  Volume                   = {89},

  Doi                      = {10.1130/0016-7606(1978)89$<$1059:LQTMOW$>$2.0.CO;2},
  Publisher                = {Geological Society of America}
}

@Article{Uhrhammer_1986_EN,
  Title                    = {Characteristics of northern and central California seismicity},
  Author                   = {Uhrhammer, R. A.},
  Journal                  = {Earthquake Notes},
  Year                     = {1986},
  Number                   = {1},
  Pages                    = {21},
  Volume                   = {57}
}

@Article{Vafaie2011,
  Title                    = {Near field effect on horizontal equal-hazard spectrum of {T}abriz city in {N}orth-{W}est of {I}ran},
  Author                   = {Vafaie, J and Taghikhany, T and Tehranizadeh, M},
  Journal                  = {International Journal of Civil Engineering},
  Year                     = {2011},
  Number                   = {1},
  Pages                    = {49--56},
  Volume                   = {9}
}

@Article{Weichert1980,
  Title                    = {Estimation of earthquake recurrence parameters for unequal observation periods for different magnitudes: {S}eismological {S}ociety of {A}merica {B}ulletin, v. 70},
  Author                   = {Weichert, DH},
  Year                     = {1980},

  Owner                    = {naeem},
  Timestamp                = {2015.07.15}
}

@Book{wesson1999,
  Title                    = {Probabilistic seismic hazard maps of {A}laska},
  Author                   = {Wesson, Robert L and Frankel, Arthur D and Mueller, Charles S and Harmsen, SC},
  Publisher                = {US Geological Survey},
  Year                     = {1999}
}

@Article{Wiemer2001,
  Title                    = {A software package to analyze seismicity: {ZMAP}},
  Author                   = {Wiemer, Stefan},
  Journal                  = {Seismological Research Letters},
  Year                     = {2001},
  Number                   = {3},
  Pages                    = {373--382},
  Volume                   = {72},

  Doi                      = {10.1785/gssrl.72.3.373},
  Publisher                = {Seismological Society of America}
}

@Article{Wiemer2000,
  Title                    = {Minimum magnitude of completeness in earthquake catalogs: examples from {A}laska, the {We}stern {U}nited {S}tates, and {J}apan},
  Author                   = {Wiemer, Stefan and Wyss, Max},
  Journal                  = {Bulletin of the Seismological Society of America},
  Year                     = {2000},
  Number                   = {4},
  Pages                    = {859--869},
  Volume                   = {90},

  Doi                      = {10.1785/0119990114},
  Publisher                = {Seismological Society of America}
}

@Article{Wyss1999,
  Title                    = {Quantitative mapping of precursory seismic quiescence before the 1989, {M} 7.1 off-{S}anriku earthquake, {J}apan},
  Author                   = {Wyss, Max and Hasegawa, Akira and Wiemer, Stefan and Umino, Norihito},
  Year                     = {1999},

  Owner                    = {naeem},
  Publisher                = {42/5},
  Timestamp                = {2015.07.15}
}

@Article{Zafarani2014,
  Title                    = {Applicability of different ground-motion prediction models for {N}orthern {I}ran},
  Author                   = {Zafarani, H and Mousavi, M},
  Journal                  = {Natural Hazards},
  Year                     = {2014},
  Number                   = {3},
  Pages                    = {1199--1228},
  Volume                   = {73},

  Doi                      = {10.1007/s11069-014-1151-2},
  Publisher                = {Springer}
}

@InProceedings{Zare2012,
  Title                    = {Development of Seismic Hazard Zoning Map for {I}ran, Based on New Seismic Source Determination},
  Author                   = {Zar{\'e}, Mehdi},
  Booktitle                = {Proc.~15th World Conference on Earthquake Engineering},
  Year                     = {2012},

  Address                  = {Lisboa, Portugal, September 24--28},
  Number                   = {2837}
}

@Article{Zare2014,
  Title                    = {Recent developments of the Middle East catalog},
  Author                   = {Zare, Mehdi and Amini, Hamideh and Yazdi, Pouye and Sesetyan, Karin and Demircioglu, Mine Betul and Kalafat, Dogan and Erdik, Mustafa and Giardini, Domenico and Khan, M Asif and Tsereteli, Nino},
  Journal                  = {Journal of Seismology},
  Year                     = {2014},
  Number                   = {4},
  Pages                    = {749--772},
  Volume                   = {18},

  Doi                      = {10.1007/s10950-014-9444-1},
  Publisher                = {Springer}
}

